@Misc{noonee,
  title="{Noonee}",
  howpublished="\url{https://www.noonee.com/?lang=en}, 最終アクセス日 2025/3/6"
}

@ARTICLE{yao,
  author={Tu, Yao and Zhu, Aibin and Song, Jiyuan and Zhang, Xiaodong and Cao, Guangzhong},
  journal={IEEE Transactions on Neural Systems and Rehabilitation Engineering}, 
  title={Design and Experimental Evaluation of a Lower-Limb Exoskeleton for Assisting Workers With Motorized Tuning of Squat Heights}, 
  year={2022},
  volume={30},
  number={},
  pages={184-193},
  keywords={Exoskeletons;Legged locomotion;Muscles;Belts;Switches;Thigh;Tuning;Industry 40;lower-limb exoskeletons;workers assistance;wearable robotics},
  doi={10.1109/TNSRE.2022.3143361}}

@article{nita,
  title={Design and implementation of chair less seating arrangement for industrial workers and farmers},
  author={Magdum, Rushikesh M and Jadhav, Sachin M},
  journal={Glob Res Dev J Eng},
  volume={3},
  number={8},
  pages={5--11},
  year={2018}
}

@article{every,
  title={マッスルスーツ{\textregistered}},
  author={小林宏},
  journal={日本ロボット学会誌},
  volume={38},
  number={2},
  pages={143--146},
  year={2020},
  publisher={一般社団法人 日本ロボット学会}
}

@article{HAL,
  title={ロボットスーツ HAL による移乗介助動作の支援},
  author={佐藤帆紡 and 川畑共良 and 田中文英 and 山海嘉之},
  journal={日本機械学会論文集 C 編},
  volume={76},
  number={762},
  pages={227--235},
  year={2010},
  publisher={一般社団法人 日本機械学会}
}

@article{osada1,
  title={腹腔鏡下手術・開腹手術時における直接介助看護師のウェアラブルチェア使用の受容性},
  author={井上 賢之 and 川平 洋 and 下村 義弘 and 高久 美子 and 堀江 久永 and 佐田 尚宏},
  journal={人間工学},
  volume={56},
  number={5},
  pages={165-169},
  year={2020},
  doi={10.5100/jje.56.165}
}

@article{kinki,
  title={形態切り替え型ウェアラブルチェアによる中腰作業時の関節モーメント軽減},
  author={永島 幹久 and 池田 篤俊},
  journal={ロボティクス・メカトロニクス講演会講演概要集},
  volume={2018},
  number={ },
  pages={1P1-C15},
  year={2018},
  doi={10.1299/jsmermd.2018.1P1-C15}
}


@article{power2,
  title={空気圧ゴム人工筋を用いたパワーアシストウェアの開発},
  author={則次 俊郎},
  journal={日本ロボット学会誌},
  volume={33},
  number={4},
  pages={222-227},
  year={2015},
  doi={10.7210/jrsj.33.222}
}


@article{sasaki,
  title={空気圧駆動ウェアラブルデバイスのための小型空気圧供給システムの開発},
  author={佐々木大輔 and 則次俊郎 and 高岩昌弘 and 岩脇辰侑},
  journal={日本ロボット学会誌},
  volume={31},
  number={7},
  pages={659--668},
  year={2013},
  publisher={一般社団法人 日本ロボット学会}
}

@inproceedings{kuma,
  title={2P1-D13 高効率自立型空気圧駆動ロボットのための超小型高圧コンプレッサ及び空気圧回生システムの実現 (アクチュエータの機構と制御 (3))},
  author={熊倉翔平 and 水内郁夫},
  booktitle={ロボティクス・メカトロニクス講演会講演概要集 2013},
  pages={\_2P1--D13\_1},
  year={2013},
  organization={一般社団法人 日本機械学会}
}

@inproceedings{BLEEX,
  title={On the mechanical design of the Berkeley Lower Extremity Exoskeleton (BLEEX)},
  author={Zoss, Adam and Kazerooni, Hami and Chu, Andrew},
  booktitle={2005 IEEE/RSJ international conference on intelligent robots and systems},
  pages={3465--3472},
  year={2005},
  organization={IEEE}
}

